

@online{huina,
  title = {Self resonance frequency},
  url = {https://coil32.ru/self-resonance-frequency.html},
  urldate = {2020-02-29}
}
@online{lab3,
  title = {Report for 3 lab from V. Svintozelskyi etc.},
  url = {https://github.com/npd2020/electronics/blob/master/gr5a/Volodymyr Svintozelskyi/Lab 3/main.pdf},
  urldate = {2020-02-29}
}
@online{root,
  title = {ROOT a Data analysis Framework | ROOT a Data analysis Framework},
  url = {https://root.cern.ch/},
  urldate = {2020-02-29}
}