@online{datasheet,
  title = {ATmega328P, 8-bit AVR Microcontroller with 32K Bytes In-System Programmable Flash, DATASHEET},
  url = {http://ww1.microchip.com/downloads/en/DeviceDoc/Atmel-7810-Automotive-Microcontrollers-ATmega328P_Datasheet.pdf},
  urldate = {2019-02-19}
}

@online{habr,
  title = {Timer interrupts},
  url = {https://arduinodiy.wordpress.com/2012/02/28/timer-interrupts/},
  urldate = {2019-02-19}
}