@online{qucs,
  title = {Qucs project: Quite Universal Circuit Simulator},
  url = {http://qucs.sourceforge.net/},
  urldate = {2020-03-08}
}

@online{lab1,
  title = {Report for 1 lab from V. Svintozelskyi etc.},
  url = {https://github.com/npd2020/electronics/blob/master/gr5a/VolodymyrSvintozelskyi/Lab1/main.pdf},
  urldate = {2020-03-08}
}

@online{lab3,
  title = {Report for 3 lab from V. Svintozelskyi etc.},
  url = {https://github.com/npd2020/electronics/blob/master/gr5a/VolodymyrSvintozelskyi/Lab3/main.pdf},
  urldate = {2020-03-08}
}

@online{root,
  title = {ROOT a Data analysis Framework | ROOT a Data analysis Framework},
  url = {https://root.cern.ch/},
  urldate = {2020-03-08}
}